@article{rapaport2003,
  title= {What did you mean by that? Misunderstanding, negotiation, and syntactic semantics},
  author={Rapaport, William J},
  journal={Minds and machines},
  volume={13},
  number={3},
  pages={397--427},
  year={2003},
  publisher={Springer}
}
@article{kosko1986,
  title={Fuzzy cognitive map learning based on nonlinear Hebbian rule},
  author={Papageorgiou, Elpiniki and Stylios, Chrysostomos and Groumpos, Peter},
  journal={International Journal of Man-Machine Studies},
  volume={22},
  pages={65--75},
  year={1986},
  publisher={Elsevier}
}
@article{stach2005,
  title={Genetic learning of fuzzy cognitive maps},
  author={Stach, Wojciech and Kurgan, Lukasz and Pedrycz, Witold and Reformat, Marek},
  journal={Fuzzy sets and systems},
  volume={153},
  number={3},
  pages={371--401},
  year={2005},
  publisher={Elsevier}
}
@article{papageorgiou2013,
  title={A Review of Fuzzy Cognitive Maps Research During the Last Decade},
  author={Papageorgiou, Elpiniki I and Salmeron, Jose L},
  journal={TRANSACTIONS ON FUZZY SYSTEMS},
  volume={21},
  number={1},
  pages={66-79},
  year={2014},
  organization={IEEE}
}
@article{ozesmi2004,
  title={Ecological models based on peopleâ€™s knowledge: a multi-step fuzzy cognitive mapping approach},
  author={{\"O}zesmi, Uygar and {\"O}zesmi, Stacy L},
  journal={Ecological Modelling},
  volume={176},
  number={1},
  pages={43--64},
  year={2004},
  publisher={Elsevier}
}
@article{zadeh2013,
  title={Toward a restriction-centered theory of truth and meaning (RCT)},
  author={Zadeh, Lotfi A},
  journal={Information Sciences},
  volume={248},
  pages={1--14},
  year={2013},
  publisher={Elsevier}
}
@article{georgopoulos2003,
  title={A fuzzy cognitive map approach to differential diagnosis of specific language impairment},
  author={Georgopoulos, Voula C and Malandraki, Georgia A and Stylios, Chrysostomos D},
  journal={Artificial intelligence in Medicine},
  volume={29},
  number={3},
  pages={261--278},
  year={2003},
  publisher={Elsevier}
}
@inproceedings{carvalho2004,
  title={Qualitative modelling of an economic system using rule-based fuzzy cognitive maps.},
  author={Carvalho, Jo{\~a}o Paulo and Tom{\'e}, Jos{\'e} AB},
  booktitle={FUZZ-IEEE},
  pages={659--664},
  year={2004}
}
@article{rodriguez2007,
  title={Modelling IT projects success with fuzzy cognitive maps},
  author={Rodriguez-Repiso, Luis and Setchi, Rossitza and Salmeron, Jose L},
  journal={Expert Systems with Applications},
  volume={32},
  number={2},
  pages={543--559},
  year={2007},
  publisher={Elsevier}
}
@inproceedings{hagiwara1992,
  title={Extended fuzzy cognitive maps},
  author={Hagiwara, Masafumi},
  booktitle={Fuzzy Systems, 1992., IEEE International Conference on},
  pages={795--801},
  year={1992},
  organization={IEEE}
}
@inproceedings{dickerson1993,
  title={Virtual worlds as fuzzy cognitive maps},
  author={Dickerson, Julie and Kosko, Bart and others},
  booktitle={Virtual Reality Annual International Symposium, 1993., 1993 IEEE},
  pages={471--477},
  year={1993},
  organization={IEEE}
}
@inproceedings{huerga2002,
  title={A balanced differential learning algorithm in fuzzy cognitive maps},
  author={Huerga, Alberto V{\'a}zquez},
  booktitle={Proceedings of the 16th International Workshop on Qualitative Reasoning},
  volume={2002},
  year={2002}
}
@article{papageorgiou2004,
  title={Active Hebbian learning algorithm to train fuzzy cognitive maps},
  author={Papageorgiou, EI and Stylios, Chrysostomos D and Groumpos, Peter P},
  journal={International journal of approximate reasoning},
  volume={37},
  number={3},
  pages={219--249},
  year={2004},
  publisher={Elsevier}
}
@incollection{papageorgiou2003,
  title={Fuzzy cognitive map learning based on nonlinear Hebbian rule},
  author={Papageorgiou, Elpiniki and Stylios, Chrysostomos and Groumpos, Peter},
  booktitle={AI 2003: Advances in Artificial Intelligence},
  pages={256--268},
  year={2003},
  publisher={Springer}
}